@article{s2_stateofart_selectivesearch,
	author = "Uijlings, J. R. R. and van de Sande, K. E. A. and Gevers, T. and Smeulders, A. W. M.",
	title = "Selective Search for Object Recognition",
	journal = "International Journal of Computer Vision",
	year = "2013"
}

@article{s2_stateofart_rcnn,
	author = "Girshick, Ross and Donahue, Jeff and Darrell, Trevor and Malik, Jitendra",
	title = "Rich feature hierarchies for accurate object detection and semantic segmentation",
	journal = "arXiv",
	year = "2014"
}

@article{s2_stateofart_fastrcnn,
	author = "Girshick, Ross",
	title = "Fast R-CNN",
	journal = "arXiv",
	year = "2015"
}

@article{s2_stateofart_fasterrcnn,
	author = "Ren, Shaoqing and He, Kaiming and Girshick, Ross and Sun, Jian",
	title = "Faster R-CNN: Towards Real-Time Object Detection with Region Proposal Networks",
	journal = "arXiv",
	year = "2016"
}

@article{s2_stateofart_yolo,
	author = "Redmon, Joseph and Divvala, Santosh and Girshick, Ross and Farhadi, Ali",
	title = "You Only Look Once: Unified, Real-Time Object Detection",
	journal = "arXiv",
	year = "2015"
}

@article{s2_stateofart_yolov3,
	author = "Redmon, Joseph and Farhadi, Ali",
	title = "YOLOv3: An Incremental Improvement",
	journal = "arXiv",
	year = "2018"
}

@online{s5_cnn1,
	author = "Wikipedia",
	title = "Convolutional neural network",
	url = "https://en.wikipedia.org/wiki/Convolutional_neural_network",
	addendum = "(accedido: 06/09/2019)"
}

@online{s5_cnn2,
	author = "Wikipedia",
	title = "Redes neuronales convolucionales",
	url = "https://es.wikipedia.org/wiki/Redes_neuronales_convolucionales",
	addendum = "(accedido: 06/09/2019)"
}

@online{s6_nonmaximunsuppression,
	author = "Rasmus Rothe",
	title = "Non-Maximum Suppression for Object Detection by Passing Messages between Windows",
	url = "https://www.vision.ee.ethz.ch/publications/papers/proceedings/eth_biwi_01126.pdf",
	year = "2015"
}